% This file was created with JabRef 2.4.2.
% Encoding: UTF8

% Zitiertes landet in den Quellen...
@misc{oszimtDe,
    Author = "www.oszimt.de",
    Title  = "Portr√§t des OSZ IMT (Pressemappe)",
    note   = {\url{http://www.oszimt.de/ueber-uns/presse/pressemappe/portraet.html}, Aufgerufen 2017-06-11},
    year   = 2017,
}

@online{guidewithmeCom,
    author = {{Webseite}},
    title = {guidewithme.com},
    month = jun,
    year = {2017},
    url = {http://guidewithme.com/apk/East_Asia/content/data/129086.html}
}

% ... und nicht direkt Zitiertes im Literaturverzeichnis
@online{debianOrg5,
    author = {{Webseite}},
    title = {www.debian.org - The Debian Manual, Chapter 5: Network Setup},
    month = jun,
    year = {2017},
    url = {https://www.debian.org/doc/manuals/debian-reference/ch05.en.html}
}

@article{manualdetailed,
    title={Detailed user guide for securing and hardening of the default Debian installation},
    author={Manual, Securing Debian},
    journal={Woody)-Web: http://www. debian. org/doc/manuals/securing-debian-howto/-Package: harden-doc-File:/usr/share/doc/harden-doc/html/securing-debian-howto}
}
